% ------------------------------------------------------------------------
% IISE Transactions BIBLIOGRAPHY FILE
% ------------------------------------------------------------------------


@book{Hastie2009,
	title={The Elements of Statistical Learning: Data Mining, Inference, and Prediction},
	author={Hastie, Trevor and Tibshirani, Robert and Friedman, Jerome},
	year={2009},
	publisher={Springer},
	address = {New York, NY},
	edition = {2nd}
}

@article{Byon2013,
title = {Wind turbine operations and maintenance: A tractable approximation of dynamic decision-making},
author = {Byon, E.},
journal = { IIE Transactions},
volume = {45},
number = {11},
pages = {1188--1201},
year = {2013}
}

@inproceedings{Breunig2000,
  title={{LOF}: Identifying density-based local outliers},
  author={Breunig, M. M. and Kriegel, H.-P. and Ng, R. T. and Sander, J.},
  booktitle={Proceedings of the 2000 ACM SIGMOD International Conference on Management of Data},
  pages={93--104},
  year={2000},
  organization={ACM}
}

@incollection{Yang2010,
  author = "Yang, J. AND Huang, T. S.",
  title = "Image super-resolution: {H}istorical overview and future challenges",
  booktitle = "Super-Resolution Imaging",
  editor = "Milanfar, Peyman",
  pages ="3--35",
  publisher = "Chapman \& Hall/CRC Press",
  address = {Boca Raton, FL},
  year = "2010"
}

@techreport{Kelley2007,
  title={Overview of the {TurbSim} stochastic inflow turbulence simulator},
  author={N. D. Kelley and B. J. Jonkman},
  institution={National Renewable Energy Laboratory},
  address="Golden, Colorado",
  year={2003},
  type={{NREL/TP-500-41137, Version 1.21}},
  note ={Available at \url{https://nwtc.nrel.gov/system/files/TurbSimOverview.pdf}}
}

@inproceedings{zhou2017anomaly,
  title={Anomaly detection with robust deep autoencoders},
  author={Zhou, Chong and Paffenroth, Randy C},
  booktitle={Proceedings of the 23rd ACM SIGKDD international conference on knowledge discovery and data mining},
  pages={665--674},
  year={2017}
}

@article{scheirer2012toward,
  title={Toward open set recognition},
  author={Scheirer, Walter J and de Rezende Rocha, Anderson and Sapkota, Archana and Boult, Terrance E},
  journal={IEEE transactions on pattern analysis and machine intelligence},
  volume={35},
  number={7},
  pages={1757--1772},
  year={2012},
  publisher={IEEE}
}

